@article{Havaei:2017,
title = "Brain tumor segmentation with Deep Neural Networks ",
journal = "Medical Image Analysis ",
volume = "35",
number = "",
pages = "18 - 31",
year = "2017",
note = "",
issn = "1361-8415",
doi = "http://dx.doi.org/10.1016/j.media.2016.05.004",
url = "http://www.sciencedirect.com/science/article/pii/S1361841516300330",
author = "Mohammad Havaei and Axel Davy and David Warde-Farley and Antoine Biard and Aaron Courville and Yoshua Bengio and Chris Pal and Pierre-Marc Jodoin and Hugo Larochelle",
keywords = "Brain tumor segmentation",
keywords = "Deep neural networks",
keywords = "Convolutional neural networks",
keywords = "Cascaded convolutional neural networks "
}

@article{Kamnitsas:2017,
title = "Efficient multi-scale 3D \{CNN\} with fully connected \{CRF\} for accurate brain lesion segmentation ",
journal = "Medical Image Analysis ",
volume = "36",
number = "",
pages = "61 - 78",
year = "2017",
note = "",
issn = "1361-8415",
doi = "http://dx.doi.org/10.1016/j.media.2016.10.004",
url = "http://www.sciencedirect.com/science/article/pii/S1361841516301839",
author = "Konstantinos Kamnitsas and Christian Ledig and Virginia F.J. Newcombe and Joanna P. Simpson and Andrew D. Kane and David K. Menon and Daniel Rueckert and Ben Glocker",
keywords = "3D convolutional neural network",
keywords = "Fully connected CRF",
keywords = "Segmentation",
keywords = "Brain lesions",
keywords = "Deep learning "
}


 
 %%%%%%%%%%%%%%%%%%%%%%
 % ARTICLES I DEFINITELY WON'T USE %
 %%%%%%%%%%%%%%%%%%%%%%
 
@article{winkler1984isometric,
  title={Isometric embedding in products of complete graphs},
  author={Winkler, Peter M},
  journal={Discrete Applied Mathematics},
  volume={7},
  number={2},
  pages={221--225},
  year={1984},
  publisher={Elsevier}
}

@inproceedings{dobkin1987delaunay,
  title={Delaunay graphs are almost as good as complete graphs},
  author={Dobkin, David P and Friedman, Steven J and Supowit, Kenneth J},
  booktitle={Foundations of Computer Science, 1987., 28th Annual Symposium on},
  pages={20--26},
  year={1987},
  organization={IEEE}
}

@article{folkman1970graphs,
  title={Graphs with monochromatic complete subgraphs in every edge coloring},
  author={Folkman, Jon},
  journal={SIAM Journal on Applied Mathematics},
  volume={18},
  number={1},
  pages={19--24},
  year={1970},
  publisher={SIAM}
 }
